<record><leader>00000cas a2200000 a 4500</leader><controlfield tag="001">14398314</controlfield><controlfield tag="008">861015d19731976ksuwr ne      0    0eng d</controlfield><datafield ind1=" " ind2=" " tag="010"><subfield code="a">sn 86064045 </subfield></datafield><datafield ind1=" " ind2=" " tag="040"><subfield code="a">KSH</subfield><subfield code="b">eng</subfield><subfield code="c">KSH</subfield><subfield code="d">NPT</subfield><subfield code="d">GUA</subfield><subfield code="d">OCL</subfield><subfield code="d">OCLCQ</subfield></datafield><datafield ind1=" " ind2=" " tag="042"><subfield code="a">msc</subfield></datafield><datafield ind1="0" ind2="0" tag="245"><subfield code="a">Clark County clipper combined with the Minneola record.</subfield></datafield><datafield ind1=" " ind2=" " tag="260"><subfield code="a">Ashland, Kan. :</subfield><subfield code="b">Ron &amp; Lois Morrison,</subfield><subfield code="c">1973-1976.</subfield></datafield><datafield ind1=" " ind2=" " tag="300"><subfield code="a">5 v. :</subfield><subfield code="b">ill. ;</subfield><subfield code="c">55 cm.</subfield></datafield><datafield ind1=" " ind2=" " tag="310"><subfield code="a">Weekly</subfield></datafield><datafield ind1="0" ind2=" " tag="362"><subfield code="a">Vol. 89, no. 32, (Jan. 4, 1973)-v. 93, no. 24 (Nov. 4, 1976).</subfield></datafield><datafield ind1=" " ind2=" " tag="752"><subfield code="a">United States</subfield><subfield code="b">Kansas</subfield><subfield code="c">Clark</subfield><subfield code="d">Ashland.</subfield></datafield><datafield ind1="0" ind2="0" tag="780"><subfield code="t">Clark County clipper and the Minneola record</subfield><subfield code="w">(DLC)sn 83040788</subfield></datafield><datafield ind1="0" ind2="6" tag="785"><subfield code="t">Clark County clipper (Ashland, Kan. : 1976)</subfield><subfield code="w">(DLC)sn 83040789</subfield></datafield><datafield ind1="0" ind2="6" tag="785"><subfield code="t">Minneola record (Minneola, Kan. : 1976)</subfield><subfield code="w">(DLC)sn 83040938</subfield></datafield></record>